/project/gas_seepage/jportiz/mac_backup/bibtex/library.bib